@book{grif,
  author    = {David J. Griffiths},
  year      = {2018},
  title     = {Introduction to Quantum Mechanics},
  publisher = {Cambridge University Press; 3rd edition}
}